% This file was created with JabRef 2.8.
% Encoding: Cp1252

@ARTICLE{Bay2005,
  author = {Herbert Bay and Tinnie Tuytelaars and Luc Van Gool},
  title = {SURF: Speeded Up Robust Features},
  year = {2005},
  owner = {Marcus},
  timestamp = {2012.05.28}
}

@BOOK{ThomasBraeunl1995,
  title = {Parallele Bildverarbeitung},
  publisher = {Addison-Wesley},
  year = {1995},
  author = {Thomas Braunl and Stefan Feyrer and Wolfgang Rapf and Michael Reinhardt},
  owner = {Marcus},
  timestamp = {2012.05.31}
}

@ARTICLE{Canny1986,
  author = {John Canny},
  title = {A Computational Approach to Edge Detection},
  journal = {IEEE Transactions on Pattern Analysis and Machine Intelligence},
  year = {1986},
  volume = {PAMI-8},
  owner = {Marcus},
  timestamp = {2012.05.31}
}

@ARTICLE{Lowe2004,
  author = {David G. Lowe},
  title = {Distinctive Image Features from Scale-Invariant Keypoints},
  journal = {International Journal of Computer Vision},
  year = {2004},
  volume = {60},
  pages = {91-110},
  owner = {Marcus},
  timestamp = {2012.05.31}
}

